<?xml version="1.0" encoding="UTF-8"?><record xmlns="http://www.loc.gov/MARC21/slim" xmlns:cinclude="http://apache.org/cocoon/include/1.0" xmlns:zs="http://www.loc.gov/zing/srw/">
  <leader>00532cz  a2200121n  4500</leader>
  <controlfield tag="001">n  99048064 </controlfield>
  <controlfield tag="003">DLC</controlfield>
  <controlfield tag="005">19990701165825.0</controlfield>
  <controlfield tag="008">990630n| acannaabn          |n aaa |||  </controlfield>
  <datafield tag="010" ind1=" " ind2=" ">
    <subfield code="a">n  99048064 </subfield>
  </datafield>
  <datafield tag="040" ind1=" " ind2=" ">
    <subfield code="a">DLC</subfield>
    <subfield code="b">eng</subfield>
    <subfield code="c">DLC</subfield>
    <subfield code="d">DLC</subfield>
  </datafield>
  <datafield tag="100" ind1="1" ind2=" ">
    <subfield code="a">Raulf, Barbara</subfield>
  </datafield>
  <datafield tag="670" ind1=" " ind2=" ">
    <subfield code="a">Startbedingungen für Familien, c1998:</subfield>
    <subfield code="b">t.p. (Barbara Raulf) p. 334 (lic. phil. I, Sozialpädagogin, wissenschaftliche Mitarbeiterin am Nationalfondsprojekt "Familien mit Kleinkindern und Öffentliche Soziale Unterstützung," Marie Meierhofer-Institut für das Kind)</subfield>
  </datafield>
</record>